@book{Rothmaler:2000,
  title={Introduction to Model Theory},
  author={Rothmaler, P.},
  isbn={9789056993139},
  lccn={2002421779},
  series={Algebra, logic, and applications},
  url={https://books.google.cz/books?id=0qg2qa9cT04C},
  year={2000},
  publisher={Taylor \& Francis}
}
@book{Hodges:1993,
  title={Model Theory},
  author={Hodges, W. and Hodges, S.M.S.W. and Wilfrid, H. and Rota, G.C. and Doran, B. and Flajolet, P. and Lam, T.Y. and Lutwak, E. and Ismail, M.},
  isbn={9780521304429},
  lccn={91025082},
  series={Encyclopedia of Mathematics and its Applications},
  url={https://books.google.cz/books?id=Rf6GWut4D30C},
  year={1993},
  publisher={Cambridge University Press}
}